{"seed":[59774,24062,55105,37174,24301,64802,17933,26363,5438,24000,1757,8559],"turns":1,"p1":"damagedealerdre","p2":"drew","p1team":[{"name":"Shedinja","species":"Shedinja","item":"widelens","ability":"wonderguard","moves":["shadowball","suckerpunch","willowisp"],"evs":{"hp":252,"atk":0,"def":0,"spa":0,"spd":0,"spe":0},"ivs":{"hp":31,"atk":0,"def":0,"spa":0,"spd":0,"spe":0},"nature":"naughty","level":100,"happiness":255,"shiny":false}],"p2team":[{"name":"Shedinja","species":"Shedinja","item":"widelens","ability":"wonderguard","moves":["shadowball","suckerpunch","toxic"],"evs":{"hp":252,"atk":0,"def":0,"spa":0,"spd":0,"spe":0},"ivs":{"hp":31,"atk":0,"def":0,"spa":0,"spd":0,"spe":0},"nature":"serious","level":100,"happiness":255,"shiny":false}],"log":["|player|p1|damagedealerdre|2","|player|p2|drew|40","|gametype|singles","|gen|7","|tier|[Gen 7] Rock Paper Shedinja","|rated","|seed|59774,24062,55105,37174,24301,64802,17933,26363,5438,24000,1757,8559","|raw|All moves won't miss. First move is Rock, second is Paper, third is Scissors. Moves will do nothing if the same move type is used.","|rule|HP Percentage Mod: HP is shown in percentages","|","|start","|switch|p1a: Shedinja|Shedinja|100/100","|switch|p2a: Shedinja|Shedinja|100/100","|turn|1","|choice|move shadowball|move suckerpunch","|","|move|p2a: Shedinja|Sucker Punch|p1a: Shedinja","|-supereffective|p1a: Shedinja","|-damage|p1a: Shedinja|0 fnt","|faint|p1a: Shedinja","|","|win|drew"],"p1rating":1000,"p2rating":1045,"endType":"normal","timestamp":"Thu Mar 23 2017 22:03:59 GMT+0000 (UTC)","id":"battle-gen7rockpapershedinja-25977","format":"gen7rockpapershedinja"}